@inproceedings{myers-liskov,
  author    = {Andrew C. Myers and
               Barbara Liskov},
  title     = {A Decentralized Model for Information Flow Control},
  booktitle = {Proc. 1997 ACM Symposium on Operating System Principles (SOSP)},
  year      = {1997},
  pages     = {129-142}
}

@article{sabelfeld-sands,
  author    = {Andrei Sabelfeld and
               David Sands},
  title     = {Declassification: Dimensions and principles},
  journal   = {Journal of Computer Security},
  volume    = {17},
  number    = {5},
  year      = {2009},
  pages     = {517-548},
  ee        = {http://dx.doi.org/10.3233/JCS-2009-0352},
  bibsource = {DBLP, http://dblp.uni-trier.de}
}

@inproceedings{magazinius,
  author    = {Jonas Magazinius and
               Aslan Askarov and
               Andrei Sabelfeld},
  title     = {A lattice-based approach to mashup security},
  booktitle = {ASIACCS},
  year      = {2010},
  pages     = {15-23},
  ee        = {http://doi.acm.org/10.1145/1755688.1755691},
  bibsource = {DBLP, http://dblp.uni-trier.de}
}

@inproceedings{askarov07,
  author    = {Aslan Askarov and
               Andrei Sabelfeld},
  title     = {Gradual Release: Unifying Declassification, Encryption and Key Release
               Policies},
  booktitle = {2007 {IEEE} Symposium on Security and Privacy (S{\&}P 2007), 20-23
               May 2007, Oakland, California, {USA}},
  pages     = {207--221},
  year      = {2007},
  url       = {http://dx.doi.org/10.1109/SP.2007.22},
  doi       = {10.1109/SP.2007.22},
  timestamp = {Thu, 08 Jan 2015 16:59:45 +0100},
  biburl    = {http://dblp.uni-trier.de/rec/bib/conf/sp/AskarovS07},
  bibsource = {dblp computer science bibliography, http://dblp.org}
}

@inproceedings{chong04,
  author    = {Stephen Chong and
               Andrew C. Myers},
  title     = {Security policies for downgrading},
  booktitle = {ACM Conference on Computer and Communications Security},
  year      = {2004},
  pages     = {198-209},
  ee        = {http://doi.acm.org/10.1145/1030083.1030110},
  bibsource = {DBLP, http://dblp.uni-trier.de}
}

@inproceedings{chong05,
  author    = {Stephen Chong and
               Andrew C. Myers},
  title     = {Language-Based Information Erasure},
  booktitle = {18th {IEEE} Computer Security Foundations Workshop, {(CSFW-18} 2005),
               20-22 June 2005, Aix-en-Provence, France},
  pages     = {241--254},
  year      = {2005},
  timestamp = {Thu, 28 Jul 2005 09:27:46 +0200}
}

@inproceedings{chong08,
  author    = {Stephen Chong and
               Andrew C. Myers},
  title     = {End-to-End Enforcement of Erasure and Declassification},
  booktitle = {CSF},
  year      = {2008},
  pages     = {98-111},
  ee        = {http://doi.ieeecomputersociety.org/10.1109/CSF.2008.12},
  bibsource = {DBLP, http://dblp.uni-trier.de}
}

@inproceedings{seplogic,
  author    = {Peter W. O'Hearn and
               John C. Reynolds and
               Hongseok Yang},
  title     = {Local Reasoning about Programs that Alter Data Structures},
  booktitle = {CSL},
  year      = {2001},
  pages     = {1-19},
  ee        = {http://link.springer.de/link/service/series/0558/bibs/2142/21420001.htm},
  bibsource = {DBLP, http://dblp.uni-trier.de}
}

@inproceedings{slam,
  author    = {Nevin Heintze and
               Jon G. Riecke},
  title     = {The SLam Calculus: Programming with Secrecy and Integrity},
  booktitle = {POPL},
  year      = {1998},
  pages     = {365-377},
  ee        = {http://doi.acm.org/10.1145/268946.268976},
  bibsource = {DBLP, http://dblp.uni-trier.de}
}

@inproceedings{flume,
  author    = {Maxwell N. Krohn and
               Alexander Yip and
               Micah Z. Brodsky and
               Natan Cliffer and
               M. Frans Kaashoek and
               Eddie Kohler and
               Robert Morris},
  title     = {Information flow control for standard OS abstractions},
  booktitle = {SOSP},
  year      = {2007},
  pages     = {321-334},
  ee        = {http://doi.acm.org/10.1145/1294261.1294293},
  bibsource = {DBLP, http://dblp.uni-trier.de}
}

@inproceedings{asbestos,
  author    = {Petros Efstathopoulos and
               Maxwell N. Krohn and
               Steve Vandebogart and
               Cliff Frey and
               David Ziegler and
               Eddie Kohler and
               David Mazi{\`{e}}res and
               M. Frans Kaashoek and
               Robert Morris},
  title     = {Labels and event processes in the Asbestos operating system},
  booktitle = {Proceedings of the 20th {ACM} Symposium on Operating Systems Principles
               2005, {SOSP} 2005, Brighton, UK, October 23-26, 2005},
  pages     = {17--30},
  year      = {2005},
  url       = {http://doi.acm.org/10.1145/1095810.1095813},
  doi       = {10.1145/1095810.1095813},
  timestamp = {Mon, 22 Jun 2015 17:24:50 +0200},
  biburl    = {http://dblp.uni-trier.de/rec/bib/conf/sosp/EfstathopoulosKVFZKMKM05},
  bibsource = {dblp computer science bibliography, http://dblp.org}
}

@inproceedings{histar,
  author    = {Nickolai Zeldovich and
               Silas Boyd-Wickizer and
               Eddie Kohler and
               David Mazi{\`e}res},
  title     = {Making Information Flow Explicit in HiStar},
  booktitle = {OSDI},
  year      = {2006},
  pages     = {263-278},
  ee        = {http://www.usenix.org/events/osdi06/tech/zeldovich.html},
  bibsource = {DBLP, http://dblp.uni-trier.de}
}

@inproceedings{resin,
  author    = {Alexander Yip and
               Xi Wang and
               Nickolai Zeldovich and
               M. Frans Kaashoek},
  title     = {Improving application security with data flow assertions},
  booktitle = {SOSP},
  year      = {2009},
  pages     = {291-304},
  ee        = {http://doi.acm.org/10.1145/1629575.1629604},
  bibsource = {DBLP, http://dblp.uni-trier.de}
}

@inproceedings{delimited,
  author    = {Andrei Sabelfeld and
               Andrew C. Myers},
  title     = {A Model for Delimited Information Release},
  booktitle = {Software Security - Theories and Systems, Second Mext-NSF-JSPS
  International Symposium (ISSS), Tokyo, Japan},
  year      = {2003},
  pages     = {174-191}
}

@inproceedings{relative,
  author    = {Dennis M. Volpano and
               Geoffrey Smith},
  title     = {Verifying Secrets and Relative Secrecy},
  booktitle = {POPL},
  year      = {2000},
  pages     = {268-276},
  ee        = {http://doi.acm.org/10.1145/325694.325729},
  bibsource = {DBLP, http://dblp.uni-trier.de}
}

@inproceedings{relaxed,
  author    = {Peng Li and
               Steve Zdancewic},
  title     = {Downgrading policies and relaxed noninterference},
  booktitle = {Proc. 32nd {ACM} {SIGPLAN-SIGACT} Symposium on
               Principles of Programming Languages (POPL), Long Beach, California, USA},
  year      = {2005},
  pages     = {158-170}
}

@inproceedings{hoare-ifc,
  author    = {Torben Amtoft and
               Anindya Banerjee},
  title     = {Information Flow Analysis in Logical Form},
  booktitle = {SAS},
  year      = {2004},
  pages     = {100-115},
  bibsource = {DBLP, http://dblp.uni-trier.de}
}

@inproceedings{separation-ifc,
  author    = {Torben Amtoft and
               Sruthi Bandhakavi and
               Anindya Banerjee},
  title     = {A logic for information flow in object-oriented programs},
  booktitle = {POPL},
  year      = {2006},
  pages     = {91-102},
  ee        = {http://doi.acm.org/10.1145/1111037.1111046},
  bibsource = {DBLP, http://dblp.uni-trier.de}
}

@inproceedings{feng,
  author    = {Xinyu Feng},
  title     = {Local rely-guarantee reasoning},
  booktitle = {POPL},
  year      = {2009},
  pages     = {315-327},
  ee        = {http://doi.acm.org/10.1145/1480881.1480922},
  bibsource = {DBLP, http://dblp.uni-trier.de}
}

@article{hoare,
  author    = {C. A. R. Hoare},
  title     = {An Axiomatic Basis for Computer Programming},
  journal   = {Commun. ACM},
  volume    = {12},
  number    = {10},
  year      = {1969},
  pages     = {576-580},
  ee        = {http://doi.acm.org/10.1145/363235.363259},
  bibsource = {DBLP, http://dblp.uni-trier.de}
}

@inproceedings{biba,
  author    = {K. J. Biba},
  title     = {Integrity Considerations for Secure Computer Systems},
  year      = {1977},
}

@inproceedings{bell-lapadula,
  author    = {David Elliott Bell and Leonard J. LaPadula},
  title     = {Secure Computer Systems: Mathematical Foundations},
  year      = {1973},
}

@inproceedings{mantel04,
  author    = {Heiko Mantel and
               David Sands},
  title     = {Controlled Declassification Based on Intransitive Noninterference},
  booktitle = {APLAS},
  year      = {2004},
  pages     = {129-145},
  ee        = {http://dx.doi.org/10.1007/978-3-540-30477-7_9},
  bibsource = {DBLP, http://dblp.uni-trier.de}
}

@inproceedings{rhtt,
  author    = {Aleksandar Nanevski and
               Anindya Banerjee and
               Deepak Garg},
  title     = {Verification of Information Flow and Access Control Policies
               with Dependent Types},
  booktitle = {IEEE Symposium on Security and Privacy},
  year      = {2011},
  pages     = {165-179},
  ee        = {http://doi.ieeecomputersociety.org/10.1109/SP.2011.12},
  bibsource = {DBLP, http://dblp.uni-trier.de}
}

@inproceedings{dlm,
  author    = {Andrew C. Myers and
               Barbara Liskov},
  title     = {A Decentralized Model for Information Flow Control},
  booktitle = {SOSP},
  year      = {1997},
  pages     = {129-142},
  ee        = {http://doi.acm.org/10.1145/268998.266669},
  bibsource = {DBLP, http://dblp.uni-trier.de}
}

@article{jif,
  author    = {Andrew C. Myers and
               Barbara Liskov},
  title     = {Protecting privacy using the decentralized label model},
  journal   = {ACM Trans. Softw. Eng. Methodol.},
  volume    = {9},
  number    = {4},
  year      = {2000},
  pages     = {410-442},
  ee        = {http://doi.acm.org/10.1145/363516.363526},
  bibsource = {DBLP, http://dblp.uni-trier.de}
}

@article{sabelfeld03,
  author    = {Andrei Sabelfeld and
               Andrew C. Myers},
  title     = {Language-based information-flow security},
  journal   = {IEEE Journal on Selected Areas in Communications},
  volume    = {21},
  number    = {1},
  year      = {2003},
  pages     = {5-19},
  ee        = {http://dx.doi.org/10.1109/JSAC.2002.806121},
  bibsource = {DBLP, http://dblp.uni-trier.de}
}

@inproceedings{volpano,
  author    = {Dennis M. Volpano and
               Geoffrey Smith},
  title     = {A Type-Based Approach to Program Security},
  booktitle = {TAPSOFT},
  year      = {1997},
  pages     = {607-621},
  ee        = {http://dx.doi.org/10.1007/BFb0030629},
  bibsource = {DBLP, http://dblp.uni-trier.de}
}

@article{dd77,
  author    = {Dorothy E. Denning and
               Peter J. Denning},
  title     = {Certification of Programs for Secure Information Flow},
  journal   = {Commun. ACM},
  volume    = {20},
  number    = {7},
  year      = {1977},
  pages     = {504-513},
  ee        = {http://doi.acm.org/10.1145/359636.359712},
  bibsource = {DBLP, http://dblp.uni-trier.de}
}

@article{den76,
  author    = {Dorothy E. Denning},
  title     = {A Lattice Model of Secure Information Flow},
  journal   = {Commun. {ACM}},
  volume    = {19},
  number    = {5},
  pages     = {236--243},
  year      = {1976}
}

@inproceedings{austin09,
  author    = {Thomas H. Austin and
               Cormac Flanagan},
  title     = {Efficient purely-dynamic information flow analysis},
  booktitle = {PLAS},
  year      = {2009},
  pages     = {113-124},
  ee        = {http://doi.acm.org/10.1145/1554339.1554353},
  bibsource = {DBLP, http://dblp.uni-trier.de}
}

@inproceedings{stefan11,
  author    = {Deian Stefan and
               Alejandro Russo and
               John C. Mitchell and
               David Mazi{\`e}res},
  title     = {Flexible dynamic information flow control in Haskell},
  booktitle = {Haskell},
  year      = {2011},
  pages     = {95-106},
  ee        = {http://doi.acm.org/10.1145/2034675.2034688},
  bibsource = {DBLP, http://dblp.uni-trier.de}
}

@inproceedings{yang12,
  author    = {Jean Yang and
               Kuat Yessenov and
               Armando Solar-Lezama},
  title     = {A language for automatically enforcing privacy policies},
  booktitle = {POPL},
  year      = {2012},
  pages     = {85-96},
  ee        = {http://doi.acm.org/10.1145/2103656.2103669},
  bibsource = {DBLP, http://dblp.uni-trier.de}
}

@inproceedings{hritcu13,
  author    = {Catalin Hritcu and
               Michael Greenberg and
               Ben Karel and
               Benjamin C. Pierce and
               Greg Morrisett},
  title     = {All Your IFCException Are Belong to Us},
  booktitle = {IEEE Symposium on Security and Privacy},
  year      = {2013},
  pages     = {3-17},
  ee        = {http://doi.ieeecomputersociety.org/10.1109/SP.2013.10},
  bibsource = {DBLP, http://dblp.uni-trier.de}
}

@inproceedings{banerjee08,
  author    = {Anindya Banerjee and
               David A. Naumann and
               Stan Rosenberg},
  title     = {Expressive Declassification Policies and Modular Static
               Enforcement},
  booktitle = {IEEE Symposium on Security and Privacy},
  year      = {2008},
  pages     = {339-353},
  ee        = {http://doi.ieeecomputersociety.org/10.1109/SP.2008.20},
  bibsource = {DBLP, http://dblp.uni-trier.de}
}

@inproceedings{amtoft06,
  author    = {Torben Amtoft and
               Sruthi Bandhakavi and
               Anindya Banerjee},
  title     = {A logic for information flow in object-oriented programs},
  booktitle = {POPL},
  year      = {2006},
  pages     = {91-102},
  ee        = {http://doi.acm.org/10.1145/1111037.1111046},
  bibsource = {DBLP, http://dblp.uni-trier.de}
}

@inproceedings{barthe04,
  author    = {Gilles Barthe and
               Pedro R. D'Argenio and
               Tamara Rezk},
  title     = {Secure Information Flow by Self-Composition},
  booktitle = {CSFW},
  year      = {2004},
  pages     = {100-114},
  ee        = {http://doi.ieeecomputersociety.org/10.1109/CSFW.2004.17},
  bibsource = {DBLP, http://dblp.uni-trier.de}
}

@inproceedings{sabelfeld99,
  author    = {Andrei Sabelfeld and
               David Sands},
  title     = {A {Per} Model of Secure Information Flow in Sequential Programs},
  booktitle = {Programming Languages and Systems, 8th European Symposium on Programming (ESOP), Amsterdam, The Netherlands, Proceedings},
  year      = {1999},
  pages     = {40-58}
}

@inproceedings{costanzo-ddifc,
  author    = {David Costanzo and
               Zhong Shao},
  title     = {A Separation Logic for Enforcing Declarative Information
               Flow Control Policies},
  booktitle = {Proc. 3rd International Conference on Principles of Security and Trust (POST)},
  year      = {2014},
  pages     = {179-198},
  ee        = {http://dx.doi.org/10.1007/978-3-642-54792-8_10},
  bibsource = {DBLP, http://dblp.uni-trier.de}
}

@inproceedings{costanzo-bpsl,
  author    = {David Costanzo and
               Zhong Shao},
  title     = {A Case for Behavior-Preserving Actions in Separation Logic},
  booktitle = {Programming Languages and Systems - 10th Asian Symposium, {APLAS}
               2012, Kyoto, Japan, December 11-13, 2012. Proceedings},
  pages     = {332--349},
  year      = {2012},
  url       = {http://dx.doi.org/10.1007/978-3-642-35182-2_24},
  doi       = {10.1007/978-3-642-35182-2_24},
  timestamp = {Mon, 04 Feb 2013 12:47:37 +0100},
  biburl    = {http://dblp.uni-trier.de/rec/bib/conf/aplas/CostanzoS12},
  bibsource = {dblp computer science bibliography, http://dblp.org}
}

@misc{costanzo-thesis,
  author = {David Costanzo},
  title = {Dissertation Companion Website},
  howpublished = {\url{http://www.cs.yale.edu/homes/dsc5/thesis.html}},
  note = {Accessed: 2016-08-02}
}

@inproceedings{hunt06,
  author    = {Sebastian Hunt and
               David Sands},
  title     = {On flow-sensitive security types},
  booktitle = {POPL},
  year      = {2006},
  pages     = {79-90},
  ee        = {http://doi.acm.org/10.1145/1111037.1111045},
  bibsource = {DBLP, http://dblp.uni-trier.de}
}

@inproceedings{hritcu14,
  author    = {Catalin Hritcu and
               John Hughes and
               Benjamin C. Pierce and
               Antal Spector-Zabusky and
               Dimitrios Vytiniotis and
               Arthur Azevedo de Amorim and
               Leonidas Lampropoulos},
  title     = {Testing noninterference, quickly},
  booktitle = {ICFP},
  year      = {2013},
  pages     = {455-468},
  ee        = {http://doi.acm.org/10.1145/2500365.2500574},
  bibsource = {DBLP, http://dblp.uni-trier.de}
}

@inproceedings{jurjens,
  author    = {Jan J{\"{u}}rjens},
  title     = {Secrecy-Preserving Refinement},
  booktitle = {{FME} 2001: Formal Methods for Increasing Software Productivity, International
               Symposium of Formal Methods Europe, Berlin, Germany, March 12-16,
               2001, Proceedings},
  pages     = {135--152},
  year      = {2001}
}

@inproceedings{mantel,
  author    = {Heiko Mantel},
  title     = {Possibilistic Definitions of Security - An Assembly Kit},
  booktitle = {Proceedings of the 13th {IEEE} Computer Security Foundations Workshop,
               {CSFW} '00, Cambridge, England, UK, July 3-5, 2000},
  pages     = {185--199},
  year      = {2000}
}

@article{morgan09,
  author    = {Carroll Morgan},
  title     = {The Shadow Knows: Refinement and security in sequential
               programs},
  journal   = {Sci. Comput. Program.},
  volume    = {74},
  number    = {8},
  year      = {2009},
  pages     = {629-653},
  ee        = {http://dx.doi.org/10.1016/j.scico.2007.09.003},
  bibsource = {DBLP, http://dblp.uni-trier.de}
}

@article{morgan12,
  author    = {Carroll Morgan},
  title     = {Compositional noninterference from first principles},
  journal   = {Formal Asp. Comput.},
  volume    = {24},
  number    = {1},
  year      = {2012},
  pages     = {3-26},
  ee        = {http://dx.doi.org/10.1007/s00165-010-0167-y},
  bibsource = {DBLP, http://dblp.uni-trier.de}
}

@inproceedings{certikos,
  author    = {Liang Gu and
               Alexander Vaynberg and
               Bryan Ford and
               Zhong Shao and
               David Costanzo},
  title     = {CertiKOS: a certified kernel for secure cloud computing},
  booktitle = {APSys},
  year      = {2011},
  pages     = {3},
  ee        = {http://doi.acm.org/10.1145/2103799.2103803},
  bibsource = {DBLP, http://dblp.uni-trier.de}
}

@inproceedings{murray13,
  author    = {Toby C. Murray and
               Daniel Matichuk and
               Matthew Brassil and
               Peter Gammie and
               Timothy Bourke and
               Sean Seefried and
               Corey Lewis and
               Xin Gao and
               Gerwin Klein},
  title     = {seL4: From General Purpose to a Proof of Information Flow
               Enforcement},
  booktitle = {IEEE Symposium on Security and Privacy},
  year      = {2013},
  pages     = {415-429},
  ee        = {http://doi.ieeecomputersociety.org/10.1109/SP.2013.35},
  bibsource = {DBLP, http://dblp.uni-trier.de}
}

@inproceedings{murray12,
  author    = {Toby C. Murray and
               Daniel Matichuk and
               Matthew Brassil and
               Peter Gammie and
               Gerwin Klein},
  title     = {Noninterference for Operating System Kernels},
  booktitle = {Certified Programs and Proofs (CPP) - Second International Conference, Kyoto, Japan, Proceedings},
  pages     = {126--142},
  year      = {2012}
}

@inproceedings{sewell11,
  author    = {Thomas Sewell and
               Simon Winwood and
               Peter Gammie and
               Toby C. Murray and
               June Andronick and
               Gerwin Klein},
  title     = {se{L4} Enforces Integrity},
  booktitle = {Interactive Theorem Proving (ITP) - Second International Conference, Berg en Dal, The Netherlands, Proceedings},
  pages     = {325--340},
  year      = {2011}
}

@inproceedings{safe,
  author = {Silviu Chiricescu and Andr\'{e} DeHon and
                  Delphine Demange and Suraj Iyer and Aleksey Kliger and Greg Morrisett
                  and Benjamin C. Pierce and Howard Reubenstein and Jonathan M. Smith
                  and Gregory T. Sullivan and Arun Thomas and Jesse Tov and Christopher M. White
                  and David Wittenberg},
  title = {SAFE: A Clean-Slate Architecture for Secure Systems},
  booktitle = {Proceedings of the {IEEE} International Conference on 
                  Technologies for Homeland Security},
  year = {2013},
  month = nov,
  bcp = {yes},
  plclub = {yes},
  keys = {security}
}

@phdthesis{zdancewic02,
 author = {Zdancewic, Stephan Arthur},
 title = {Programming Languages for Information Security},
 year = {2002},
 isbn = {0-493-83049-9},
 note = {AAI3063751},
 publisher = {Cornell University},
 address = {Ithaca, NY, USA},
}

@inproceedings{certikos-popl,
  author    = {Ronghui Gu and
               J{\'{e}}r{\'{e}}mie Koenig and
               Tahina Ramananandro and
               Zhong Shao and
               Xiongnan (Newman) Wu and
               Shu{-}Chun Weng and
               Haozhong Zhang and
               Yu Guo},
  title     = {Deep Specifications and Certified Abstraction Layers},
  booktitle = {Proc. 42nd {ACM} {SIGPLAN-SIGACT} Symposium on
               Principles of Programming Languages ({POPL}), Mumbai,
	       India}, 
  pages     = {595--608},
  year      = {2015}
}

@techreport{rushby92,
    AUTHOR = {John Rushby},
    TITLE = {Noninterference, Transitivity, and Channel-Control Security Policies},
    YEAR = {1992},
    MONTH = {dec},
    BOOKTITLE = {Technical Report {CSL-92-02}}
}

@inproceedings{goguen82,
  author    = {Joseph A. Goguen and
               Jos{\'{e}} Meseguer},
  title     = {Security Policies and Security Models},
  booktitle = {{IEEE} Symposium on Security and Privacy},
  pages     = {11--20},
  year      = {1982}
}

@inproceedings{goguen84,
  author    = {Joseph A. Goguen and
               Jos{\'{e}} Meseguer},
  title     = {Unwinding and Inference Control},
  booktitle = {Proceedings of the 1984 {IEEE} Symposium on Security and Privacy,
               Oakland, California, USA, April 29 - May 2, 1984},
  pages     = {75--87},
  year      = {1984}
}

@inproceedings{ironclad,
  author    = {Chris Hawblitzel and
               Jon Howell and
               Jacob R. Lorch and
               Arjun Narayan and
               Bryan Parno and
               Danfeng Zhang and
               Brian Zill},
  title     = {Ironclad Apps: End-to-End Security via Automated Full-System Verification},
  booktitle = {11th {USENIX} Symposium on Operating Systems Design and Implementation ({OSDI}), Broomfield, CO, USA},
  pages     = {165--181},
  year      = {2014}
}

@inproceedings{dafny,
  author    = {K. Rustan M. Leino},
  title     = {Dafny: An Automatic Program Verifier for Functional Correctness},
  booktitle = {Logic for Programming, Artificial Intelligence, and Reasoning (LPAR) - 16th
               International Conference, Dakar, Senegal}, 
  pages     = {348--370},
  year      = {2010}
}

@inproceedings{boogie,
  author    = {Michael Barnett and
               Bor{-}Yuh Evan Chang and
               Robert DeLine and
               Bart Jacobs and
               K. Rustan M. Leino},
  title     = {Boogie: {A} Modular Reusable Verifier for Object-Oriented Programs},
  booktitle = {Formal Methods for Components and Objects, 4th International
               Symposium ({FMCO}), Amsterdam, The Netherlands},
  pages     = {364--387},
  year      = {2005}
}

@inproceedings{z3,
  author    = {Leonardo Mendon{\c{c}}a de Moura and
               Nikolaj Bj{\o}rner},
  title     = {{Z3:} An Efficient {SMT} Solver},
  booktitle = {Tools and Algorithms for the Construction and Analysis of Systems,
               14th International Conference ({TACAS}), 
               Budapest, Hungary. Proceedings},
  pages     = {337--340},
  year      = {2008}
}

@inproceedings{prosper-arm,
  author    = {Mads Dam and
               Roberto Guanciale and
               Narges Khakpour and
               Hamed Nemati and
               Oliver Schwarz},
  title     = {Formal verification of information flow security for a
               simple {ARM-based} separation kernel},
  booktitle = {2013 {ACM} {SIGSAC} Conference on Computer and Communications Security ({CCS})},
  pages     = {223--234},
  year      = {2013}
}

@inproceedings{guernic07,
  author    = {Gurvan Le Guernic},
  title     = {Automaton-based Confidentiality Monitoring of Concurrent Programs},
  booktitle = {20th {IEEE} Computer Security Foundations Symposium, {CSF} 2007, 6-8
               July 2007, Venice, Italy},
  pages     = {218--232},
  year      = {2007},
  url       = {http://dx.doi.org/10.1109/CSF.2007.10},
  doi       = {10.1109/CSF.2007.10},
  timestamp = {Fri, 13 May 2016 12:34:19 +0200},
  biburl    = {http://dblp.uni-trier.de/rec/bib/conf/csfw/Guernic07},
  bibsource = {dblp computer science bibliography, http://dblp.org}
}

@inproceedings{venkat06,
  author    = {V. N. Venkatakrishnan and
               Wei Xu and
               Daniel C. DuVarney and
               R. Sekar},
  title     = {Provably Correct Runtime Enforcement of Non-interference Properties},
  booktitle = {Information and Communications Security, 8th International Conference,
               {ICICS} 2006, Raleigh, NC, USA, December 4-7, 2006, Proceedings},
  pages     = {332--351},
  year      = {2006},
  url       = {http://dx.doi.org/10.1007/11935308_24},
  doi       = {10.1007/11935308_24},
  timestamp = {Mon, 20 Nov 2006 10:30:46 +0100},
  biburl    = {http://dblp.uni-trier.de/rec/bib/conf/icics/VenkatakrishnanXDS06},
  bibsource = {dblp computer science bibliography, http://dblp.org}
}

@inproceedings{shroff07,
  author    = {Paritosh Shroff and
               Scott F. Smith and
               Mark Thober},
  title     = {Dynamic Dependency Monitoring to Secure Information Flow},
  booktitle = {20th {IEEE} Computer Security Foundations Symposium, {CSF} 2007, 6-8
               July 2007, Venice, Italy},
  pages     = {203--217},
  year      = {2007},
  crossref  = {DBLP:conf/csfw/2007},
  url       = {http://dx.doi.org/10.1109/CSF.2007.20},
  doi       = {10.1109/CSF.2007.20},
  timestamp = {Fri, 13 May 2016 12:34:19 +0200},
  biburl    = {http://dblp.uni-trier.de/rec/bib/conf/csfw/ShroffST07},
  bibsource = {dblp computer science bibliography, http://dblp.org}
}

@inproceedings{sabelfeld09,
  author    = {Andrei Sabelfeld and
               Alejandro Russo},
  title     = {From Dynamic to Static and Back: Riding the Roller Coaster of Information-Flow
               Control Research},
  booktitle = {Perspectives of Systems Informatics, 7th International Andrei Ershov
               Memorial Conference, {PSI} 2009, Novosibirsk, Russia, June 15-19,
               2009. Revised Papers},
  pages     = {352--365},
  year      = {2009},
  url       = {http://dx.doi.org/10.1007/978-3-642-11486-1_30},
  doi       = {10.1007/978-3-642-11486-1_30},
  timestamp = {Tue, 16 Mar 2010 14:53:48 +0100},
  biburl    = {http://dblp.uni-trier.de/rec/bib/conf/ershov/SabelfeldR09},
  bibsource = {dblp computer science bibliography, http://dblp.org}
}
