@inproceedings{myers-liskov,
  author    = {Andrew C. Myers and
               Barbara Liskov},
  title     = {A Decentralized Model for Information Flow Control},
  booktitle = {SOSP},
  year      = {1997},
  pages     = {129-142},
  ee        = {http://doi.acm.org/10.1145/268998.266669},
  bibsource = {DBLP, http://dblp.uni-trier.de}
}

@article{sabelfeld-sands,
  author    = {Andrei Sabelfeld and
               David Sands},
  title     = {Declassification: Dimensions and principles},
  journal   = {Journal of Computer Security},
  volume    = {17},
  number    = {5},
  year      = {2009},
  pages     = {517-548},
  ee        = {http://dx.doi.org/10.3233/JCS-2009-0352},
  bibsource = {DBLP, http://dblp.uni-trier.de}
}

@inproceedings{magazinius,
  author    = {Jonas Magazinius and
               Aslan Askarov and
               Andrei Sabelfeld},
  title     = {A lattice-based approach to mashup security},
  booktitle = {ASIACCS},
  year      = {2010},
  pages     = {15-23},
  ee        = {http://doi.acm.org/10.1145/1755688.1755691},
  bibsource = {DBLP, http://dblp.uni-trier.de}
}

@inproceedings{chong-myers,
  author    = {Stephen Chong and
               Andrew C. Myers},
  title     = {End-to-End Enforcement of Erasure and Declassification},
  booktitle = {CSF},
  year      = {2008},
  pages     = {98-111},
  ee        = {http://doi.ieeecomputersociety.org/10.1109/CSF.2008.12},
  bibsource = {DBLP, http://dblp.uni-trier.de}
}

@inproceedings{localreasoning,
  author    = {Peter W. O'Hearn and
               John C. Reynolds and
               Hongseok Yang},
  title     = {Local Reasoning about Programs that Alter Data Structures},
  booktitle = {CSL},
  year      = {2001},
  pages     = {1-19},
  ee        = {http://link.springer.de/link/service/series/0558/bibs/2142/21420001.htm},
  bibsource = {DBLP, http://dblp.uni-trier.de}
}

@inproceedings{slam,
  author    = {Nevin Heintze and
               Jon G. Riecke},
  title     = {The SLam Calculus: Programming with Secrecy and Integrity},
  booktitle = {POPL},
  year      = {1998},
  pages     = {365-377},
  ee        = {http://doi.acm.org/10.1145/268946.268976},
  bibsource = {DBLP, http://dblp.uni-trier.de}
}

@inproceedings{krohn09,
  author    = {Maxwell N. Krohn and
               Alexander Yip and
               Micah Z. Brodsky and
               Natan Cliffer and
               M. Frans Kaashoek and
               Eddie Kohler and
               Robert Morris},
  title     = {Information flow control for standard OS abstractions},
  booktitle = {SOSP},
  year      = {2007},
  pages     = {321-334},
  ee        = {http://doi.acm.org/10.1145/1294261.1294293},
  bibsource = {DBLP, http://dblp.uni-trier.de}
}

@inproceedings{delimited,
  author    = {Andrei Sabelfeld and
               Andrew C. Myers},
  title     = {A Model for Delimited Information Release},
  booktitle = {ISSS},
  year      = {2003},
  pages     = {174-191},
  ee        = {http://springerlink.metapress.com/openurl.asp?genre=article{\&}issn=0302-9743{\&}volume=3233{\&}spage=174},
  bibsource = {DBLP, http://dblp.uni-trier.de}
}

@inproceedings{relative,
  author    = {Dennis M. Volpano and
               Geoffrey Smith},
  title     = {Verifying Secrets and Relative Secrecy},
  booktitle = {POPL},
  year      = {2000},
  pages     = {268-276},
  ee        = {http://doi.acm.org/10.1145/325694.325729},
  bibsource = {DBLP, http://dblp.uni-trier.de}
}

@inproceedings{relaxed,
  author    = {Peng Li and
               Steve Zdancewic},
  title     = {Downgrading policies and relaxed noninterference},
  booktitle = {POPL},
  year      = {2005},
  pages     = {158-170},
  ee        = {http://doi.acm.org/10.1145/1040305.1040319},
  bibsource = {DBLP, http://dblp.uni-trier.de}
}

@inproceedings{hoare-ifc,
  author    = {Torben Amtoft and
               Anindya Banerjee},
  title     = {Information Flow Analysis in Logical Form},
  booktitle = {SAS},
  year      = {2004},
  pages     = {100-115},
  ee        = {http://springerlink.metapress.com/openurl.asp?genre=article{\&}issn=0302-9743{\&}volume=3148{\&}spage=100},
  bibsource = {DBLP, http://dblp.uni-trier.de}
}

@inproceedings{separation-ifc,
  author    = {Torben Amtoft and
               Sruthi Bandhakavi and
               Anindya Banerjee},
  title     = {A logic for information flow in object-oriented programs},
  booktitle = {POPL},
  year      = {2006},
  pages     = {91-102},
  ee        = {http://doi.acm.org/10.1145/1111037.1111046},
  bibsource = {DBLP, http://dblp.uni-trier.de}
}

@inproceedings{feng,
  author    = {Xinyu Feng},
  title     = {Local rely-guarantee reasoning},
  booktitle = {POPL},
  year      = {2009},
  pages     = {315-327},
  ee        = {http://doi.acm.org/10.1145/1480881.1480922},
  bibsource = {DBLP, http://dblp.uni-trier.de}
}

@article{hoare,
  author    = {C. A. R. Hoare},
  title     = {An Axiomatic Basis for Computer Programming},
  journal   = {Commun. ACM},
  volume    = {12},
  number    = {10},
  year      = {1969},
  pages     = {576-580},
  ee        = {http://doi.acm.org/10.1145/363235.363259},
  bibsource = {DBLP, http://dblp.uni-trier.de}
}

@inproceedings{biba,
  author    = {K. J. Biba},
  title     = {Integrity Considerations for Secure Computer Systems},
  year      = {1977},
}

@inproceedings{bell-lapadula,
  author    = {David Elliott Bell and Leonard J. LaPadula},
  title     = {Secure Computer Systems: Mathematical Foundations},
  year      = {1973},
}

@inproceedings{mantel,
  author    = {Heiko Mantel and
               David Sands},
  title     = {Controlled Declassification Based on Intransitive Noninterference},
  booktitle = {APLAS},
  year      = {2004},
  pages     = {129-145},
  ee        = {http://dx.doi.org/10.1007/978-3-540-30477-7_9},
  bibsource = {DBLP, http://dblp.uni-trier.de}
}


